% Journals

% First the Full Name is given, then the abbreviation used in the AMS Math
% Reviews, with an indication if it could not be found there.
% Note the 2nd overwrites the 1st, so swap them if you want the full name.

 %{AMS}
 @String{AMSTrans = "American Mathematical Society Translations" }
 @String{AMSTrans = "Amer. Math. Soc. Transl." }
 @String{BullAMS = "Bulletin of the American Mathematical Society" }
 @String{BullAMS = "Bull. Amer. Math. Soc." }
 @String{ProcAMS = "Proceedings of the American Mathematical Society" }
 @String{ProcAMS = "Proc. Amer. Math. Soc." }
 @String{TransAMS = "Transactions of the American Mathematical Society" }
 @String{TransAMS = "Trans. Amer. Math. Soc." }

 %ACM
 @String{CACM = "Communications of the {ACM}" }
 @String{CACM = "Commun. {ACM}" }
 @String{CompServ = "Comput. Surveys" }
 @String{JACM = "J. ACM" }
 @String{ACMMathSoft = "{ACM} Transactions on Mathematical Software" }
 @String{ACMMathSoft = "{ACM} Trans. Math. Software" }
 @String{SIGNUM = "{ACM} {SIGNUM} Newsletter" }
 @String{SIGNUM = "{ACM} {SIGNUM} Newslett." }

 @String{AmerSocio = "American Journal of Sociology" }
 @String{AmerStatAssoc = "Journal of the American Statistical Association" }
 @String{AmerStatAssoc = "J. Amer. Statist. Assoc." }
 @String{ApplMathComp = "Applied Mathematics and Computation" }
 @String{ApplMathComp = "Appl. Math. Comput." }
 @String{AmerMathMonthly = "American Mathematical Monthly" }
 @String{AmerMathMonthly = "Amer. Math. Monthly" }
 @String{BIT = "{BIT}" }
 @String{BritStatPsych = "British Journal of Mathematical and Statistical
          Psychology" }
 @String{BritStatPsych = "Brit. J. Math. Statist. Psych." }
 @String{CanMathBull = "Canadian Mathematical Bulletin" }
 @String{CanMathBull = "Canad. Math. Bull." }
 @String{CompApplMath = "Journal of Computational and Applied Mathematics" }
 @String{CompApplMath = "J. Comput. Appl. Math." }
 @String{CompPhys = "Journal of Computational Physics" }
 @String{CompPhys = "J. Comput. Phys." }
 @String{CompStruct = "Computers and Structures" }
 @String{CompStruct = "Comput. \& Structures" }
 @String{CompJour = "The Computer Journal" }
 @String{CompJour = "Comput. J." }
 @String{CompSysSci = "Journal of Computer and System Sciences" }
 @String{CompSysSci = "J. Comput. System Sci." }
 @String{Computing = "Computing" }
 @String{ContempMath = "Contemporary Mathematics" }
 @String{ContempMath = "Contemp. Math." }
 @String{Crelle = "Crelle's Journal" }
 @String{GiornaleMath = "Giornale di Mathematiche" }
 @String{GiornaleMath = "Giorn. Mat." } % didn't find in AMS MR., ibid.

 %IEEE
 @String{Computer = "{IEEE} Computer" }
 @String{IEEETransComp = "{IEEE} Transactions on Computers" }
 @String{IEEETransComp = "{IEEE} Trans. Comput." }
 @String{IEEETransAC = "{IEEE} Transactions on Automatic Control" }
 @String{IEEETransAC = "{IEEE} Trans. Automat. Control" }
 @String{IEEESpec = "{IEEE} Spectrum" } % didn't find in AMS MR
 @String{ProcIEEE = "Proceedings of the {IEEE}" }
 @String{ProcIEEE = "Proc. {IEEE}" } % didn't find in AMS MR
 @String{IEEETransAeroElec = "{IEEE} Transactions on Aerospace and Electronic
     Systems" }
 @String{IEEETransAeroElec = "{IEEE} Trans. Aerospace Electron. Systems" }

 @String{IMANumerAna = "{IMA} Journal of Numerical Analysis" }
 @String{IMANumerAna = "{IMA} J. Numer. Anal." }
 @String{InfProcLet = "Information Processing Letters" }
 @String{InfProcLet = "Inform. Process. Lett." }
 @String{InstMathApp = "Journal of the Institute of Mathematics and
     its Applications" }
 @String{InstMathApp = "J. Inst. Math. Appl." }
 @String{IntControl = "International Journal of Control" }
 @String{IntControl = "Internat. J. Control" }
 @String{IntNumerEng = "International Journal for Numerical Methods in
     Engineering" }
 @String{IntNumerEng = "Internat. J. Numer. Methods Engrg." }
 @String{IntSuper = "International Journal of Supercomputing Applications" }
 @String{IntSuper = "Internat. J. Supercomputing Applic." } % didn't find
%% in AMS MR
 @String{Kibernetika = "Kibernetika" }
 @String{JResNatBurStand = "Journal of Research of the National Bureau
     of Standards" }
 @String{JResNatBurStand = "J. Res. Nat. Bur. Standards" }
 @String{LinAlgApp = "Linear Algebra and its Applications" }
 @String{LinAlgApp = "Linear Algebra Appl." }
 @String{MathAnaAppl = "Journal of Mathematical Analysis and Applications" }
 @String{MathAnaAppl = "J. Math. Anal. Appl." }
 @String{MathAnnalen = "Mathematische Annalen" }
 @String{MathAnnalen = "Math. Ann." }
 @String{MathPhys = "Journal of Mathematical Physics" }
 @String{MathPhys = "J. Math. Phys." }
 @String{MathComp = "Mathematics of Computation" }
 @String{MathComp = "Math. Comp." }
 @String{MathScand = "Mathematica Scandinavica" }
 @String{MathScand = "Math. Scand." }
 @String{TablesAidsComp = "Mathematical Tables and Other Aids to Computation" }
 @String{TablesAidsComp = "Math. Tables Aids Comput." }
 @String{NumerMath = "Numerische Mathematik" }
 @String{NumerMath = "Numer. Math." }
 @String{PacificMath = "Pacific Journal of Mathematics" }
 @String{PacificMath = "Pacific J. Math." }
 @String{ParDistComp = "Journal of Parallel and Distributed Computing" }
 @String{ParDistComp = "J. Parallel and Distrib. Comput." } % didn't find
%% in AMS MR
 @String{ParComputing = "Parallel Computing" }
 @String{ParComputing = "Parallel Comput." }
 @String{PhilMag = "Philosophical Magazine" }
 @String{PhilMag = "Philos. Mag." }
 @String{ProcNAS = "Proceedings of the National Academy of Sciences
                    of the USA" }
 @String{ProcNAS = "Proc. Nat. Acad. Sci. U. S. A." }
 @String{Psychometrika = "Psychometrika" }
 @String{QuartMath = "Quarterly Journal of Mathematics, Oxford, Series (2)" }
 @String{QuartMath = "Quart. J. Math. Oxford Ser. (2)" }
 @String{QuartApplMath = "Quarterly of Applied Mathematics" }
 @String{QuartApplMath = "Quart. Appl. Math." }
 @String{RevueInstStat = "Review of the International Statisical Institute" }
 @String{RevueInstStat = "Rev. Inst. Internat. Statist." }

 %SIAM
 @String{JSIAM = "Journal of the Society for Industrial and Applied
     Mathematics" }
 @String{JSIAM = "J. Soc. Indust. Appl. Math." }
 @String{JSIAMB = "Journal of the Society for Industrial and Applied
     Mathematics, Series B, Numerical Analysis" }
 @String{JSIAMB = "J. Soc. Indust. Appl. Math. Ser. B Numer. Anal." }
 @String{SIAMAlgMeth = "{SIAM} Journal on Algebraic and Discrete Methods" }
 @String{SIAMAlgMeth = "{SIAM} J. Algebraic Discrete Methods" }
 @String{SIAMAppMath = "{SIAM} Journal on Applied Mathematics" }
 @String{SIAMAppMath = "{SIAM} J. Appl. Math." }
 @String{SIAMComp = "{SIAM} Journal on Computing" }
 @String{SIAMComp = "{SIAM} J. Comput." }
 @String{SIAMMatrix = "{SIAM} Journal on Matrix Analysis and Applications" }
 @String{SIAMMatrix = "{SIAM} J. Matrix Anal. Appl." }
 @String{SIAMNumAnal = "{SIAM} Journal on Numerical Analysis" }
 @String{SIAMNumAnal = "{SIAM} J. Numer. Anal." }
 @String{SIAMReview = "{SIAM} Review" }
 @String{SIAMReview = "{SIAM} Rev." }
 @String{SIAMSciStat = "{SIAM} Journal on Scientific and Statistical
     Computing" }
 @String{SIAMSciStat = "{SIAM} J. Sci. Statist. Comput." }

 @String{SoftPracExp = "Software Practice and Experience" }
 @String{SoftPracExp = "Software Prac. Experience" } % didn't find in AMS MR
 @String{StatScience = "Statistical Science" }
 @String{StatScience = "Statist. Sci." }
 @String{Techno = "Technometrics" }
 @String{USSRCompMathPhys = "{USSR} Computational Mathematics and Mathematical
     Physics" }
 @String{USSRCompMathPhys = "{U. S. S. R.} Comput. Math. and Math. Phys." }
 @String{VLSICompSys = "Journal of {VLSI} and Computer Systems" }
 @String{VLSICompSys = "J. {VLSI} Comput. Syst." }
 @String{ZAngewMathMech = "Zeitschrift fur Angewandte Mathematik und
     Mechanik" }
 @String{ZAngewMathMech = "Z. Angew. Math. Mech." }
 @String{ZAngewMathPhys = "Zeitschrift fur Angewandte Mathematik und Physik" }
 @String{ZAngewMathPhys = "Z. Angew. Math. Phys." }

% Publishers % ================================================= |

 @String{Academic = "Academic Press" }
 @String{ACMPress = "{ACM} Press" }
 @String{AdamHilger = "Adam Hilger" }
 @String{AddisonWesley = "Addison-Wesley" }
 @String{AllynBacon = "Allyn and Bacon" }
 @String{AMS = "American Mathematical Society" }
 @String{Birkhauser = "Birkh{\"a}user" }
 @String{CambridgePress = "Cambridge University Press" }
 @String{Chelsea = "Chelsea" }
 @String{ClaredonPress = "Claredon Press" }
 @String{DoverPub = "Dover Publications" }
 @String{Eyolles = "Eyolles" }
 @String{HoltRinehartWinston = "Holt, Rinehart and Winston" }
 @String{Interscience = "Interscience" }
 @String{JohnsHopkinsPress = "The Johns Hopkins University Press" }
 @String{JohnWileySons = "John Wiley and Sons" }
 @String{Macmillan = "Macmillan" }
 @String{MathWorks = "The Math Works Inc." }
 @String{McGrawHill = "McGraw-Hill" }
 @String{NatBurStd = "National Bureau of Standards" }
 @String{NorthHolland = "North-Holland" }
 @String{OxfordPress = "Oxford University Press" }  %address Oxford or London?
 @String{PergamonPress = "Pergamon Press" }
 @String{PlenumPress = "Plenum Press" }
 @String{PrenticeHall = "Prentice-Hall" }
 @String{SIAMPub = "{SIAM} Publications" }
 @String{Springer = "Springer-Verlag" }
 @String{TexasPress = "University of Texas Press" }
 @String{VanNostrand = "Van Nostrand" }
 @String{WHFreeman = "W. H. Freeman and Co." }

%Entries

@techreport{lit:prod,
  author = {Todd Litman},
  title = {Evaluating Public Transit Benefits and Costs: Best Practices Guidebook},
  institution = {Victoria Transport Policy Institute},
  year = {2015},
  url = {https://www.vtpi.org/tranben.pdf}
}

@article{lit:equity,
  author = {Mark Garrett and Brian D. Taylor},
  title = {Reconsidering Social Equity in Public Transit},
  journal = {Berkeley Planning Journal},
  volume = {13},
  pages = {6--27},
  year = {1999},
  url = {https://escholarship.org/uc/item/1mc9t108}
}

@article{lit:env,
  author = {Mikhail V. Chester and Arpad Horvath},
  title = {Environmental assessment of passenger transportation should include infrastructure and supply chains},
  journal = {Environmental Research Letters},
  volume = {4},
  number = {2},
  pages = {024008},
  year = {2009},
  doi = {10.1088/1748-9326/4/2/024008}
}

@misc{lit:wmata_stats,
  author = {{Washington Metropolitan Area Transit Authority}},
  title = {WMATA Facts and Figures},
  year = {2023},
  url = {https://www.wmata.com/about/facts/}
}

@misc{lit:us_transit_policy,
  author = {{American Public Transportation Association}},
  title = {Public Transportation Facts},
  year = {2022},
  url = {https://www.apta.com/news-publications/public-transportation-facts/}
}

@misc{lit:commute_stats,
  author = {{U.S. Census Bureau}},
  title = {Commuting Characteristics by Sex: 2022 American Community Survey 1-Year Estimates},
  year = {2022},
  url = {https://data.census.gov/table?q=commute+washington+dc&tid=ACSST1Y2022.S0801}
}

@misc{lit:toronto,
  author = {{Statistics Canada}},
  title = {Journey to Work: Key Results from the 2016 Census},
  year = {2017},
  url = {https://www150.statcan.gc.ca/n1/daily-quotidien/171129/dq171129c-eng.htm}
}

@misc{lit:barcelona,
  author = {{Ajuntament de Barcelona}},
  title = {Mobility and Transport in Barcelona},
  year = {2020},
  url = {https://www.barcelona.cat/mobilitat/en/about-us/zero-emission-city}
}

@misc{lit:guadalajara,
  author = {{Instituto Nacional de Estadística y Geografía (INEGI)}},
  title = {Encuesta Origen-Destino en Hogares de la Zona Metropolitana de Guadalajara 2018},
  year = {2020},
  url = {https://www.inegi.org.mx/programas/eod/2017/}
}

@book{lit:wmata_history,
  author = {Zachary M. Schrag},
  title = {The Great Society Subway: A History of the Washington Metro},
  publisher = {Johns Hopkins University Press},
  year = {2006},
  isbn = {9780801882580}
}

@article{lit:us_highways,
  author = {Raymond A. Mohl},
  title = {The Interstates and the Cities: Highways, Housing, and the Freeway Revolt},
  journal = {Poverty & Race Research Action Council},
  year = {2002},
  url = {https://www.prrac.org/pdf/mohl.pdf}
}

@incollection{bib:bast2016route,
  author = {Hannah Bast and Daniel Delling and Andrew Goldberg and Matthias Müller-Hannemann and Thomas Pajor and Peter Sanders and Dorothea Wagner and Renato F. Werneck},
  title = {Route Planning in Transportation Networks},
  booktitle = {Algorithm Engineering: Selected Results and Surveys},
  publisher = {Springer},
  volume = {9220},
  pages = {19--80},
  year = {2016},
  doi = {10.1007/978-3-319-49487-6_2}
}

@article{bib:overview-field,
  author = {Joe Grengs},
  title = {Nonwork Accessibility as a Social Equity Indicator},
  journal = {International Journal of Sustainable Transportation},
  volume = {9},
  number = {1},
  pages = {1--14},
  year = {2015},
  doi = {10.1080/15568318.2012.719582}
}

@misc{bib:wmata-vmt,
  author = {{Washington Metropolitan Area Transit Authority}},
  title = {FY2023 Environmental Sustainability Annual Report},
  year = {2023},
  url = {https://www.wmata.com/about/board/meetings/board-pdfs/upload/4A-FY23-Environmetnal-Sustainability-Report.pdf}
}

@article{bib:camporeale2017equity,
  author = {Rosanna Camporeale and Luigi Caggiani and Marcello Ottomanelli and W. Y. Szeto},
  title = {Equitable Transit Network Design Under Uncertainty},
  journal = {Transportation Research Part C: Emerging Technologies},
  volume = {78},
  pages = {484--496},
  year = {2017},
  doi = {10.1016/j.trc.2017.03.012}
}

@misc{lit:opendata,
  author = {{Government of the District of Columbia}},
  title = {Open Data DC Portal},
  year = {2024},
  url = {https://opendata.dc.gov/}
}

@misc{lit:census,
  author = {{U.S. Census Bureau}},
  title = {2020 Census Data},
  year = {2020},
  url = {https://data.census.gov/}
}

@book{bib:silverman1986density,
  author = {B. W. Silverman},
  title = {Density Estimation for Statistics and Data Analysis},
  publisher = {Chapman and Hall},
  year = {1986},
  isbn = {9780412246203}
}

@article{bib:samet1984quadtrees,
  author = {Hanan Samet},
  title = {The Quadtree and Related Hierarchical Data Structures},
  journal = {ACM Computing Surveys},
  volume = {16},
  number = {2},
  pages = {187--260},
  year = {1984},
  doi = {10.1145/356924.356930}
}

@article{bib:libera1986btrees,
  author = {G. Di Libera and H. Samet},
  title = {B-trees, k-d Trees, and Quadtrees: A Comparison Using Two-Dimensional Keys},
  journal = {IEEE Transactions on Pattern Analysis and Machine Intelligence},
  volume = {8},
  number = {5},
  pages = {586--593},
  year = {1986},
  doi = {10.1109/TPAMI.1986.4767842}
}

@article{bib:chien2001genetic,
  author = {Steven Chien and Paul Schonfeld},
  title = {Optimization of Grid Transit System in Heterogeneous Urban Environment},
  journal = {Journal of Transportation Engineering},
  volume = {127},
  number = {4},
  pages = {281--290},
  year = {2001},
  doi = {10.1061/(ASCE)0733-947X(2001)127:4(281)}
}

@article{bib:dib2017ga,
  author = {Nour Dib and Hojjat Adeli},
  title = {Optimization of Transit Network Design Using Genetic Algorithms},
  journal = {Journal of Advanced Transportation},
  volume = {2017},
  pages = {1--12},
  year = {2017},
  doi = {10.1155/2017/8969352}
}


@incollection{bast2016route,
  author = {H. Bast and D. Delling and A. Goldberg and M. Müller-Hannemann and T. Pajor and P. Sanders and D. Wagner and R. F. Werneck},
  title = {Route Planning in Transportation Networks},
  booktitle = {Algorithm Engineering},
  editor = {L. Kliemann and P. Sanders},
  series = {Lecture Notes in Computer Science},
  volume = {9220},
  pages = {19--80},
  publisher = {Springer},
  year = {2016},
  doi = {10.1007/978-3-319-49487-6_2}
}

@article{davis2007greedy,
  author = {S. Davis and R. Impagliazzo},
  title = {Models of greedy algorithms for graph problems},
  journal = {Algorithmica},
  volume = {54},
  number = {3},
  pages = {269--317},
  year = {2007},
  doi = {10.1007/s00453-007-9124-4}
}

@article{camporeale2016equity,
  author = {R. Camporeale and L. Caggiani and A. Fonzone and M. Ottomanelli},
  title = {Quantifying the impacts of horizontal and vertical equity in transit route planning},
  journal = {Transportation Planning and Technology},
  volume = {40},
  number = {1},
  pages = {28--44},
  year = {2016},
  doi = {10.1080/03081060.2016.1238569}
}

@phdthesis{fan2004optimal,
  author = {W. Fan},
  title = {Optimal transit route network design problem: Algorithms, implementations, and numerical results},
  school = {North Carolina State University},
  year = {2004},
  note = {Order No. 3143741. ProQuest Dissertations \\& Theses Global. (305127519)},
  url = {https://www.proquest.com/dissertations-theses/optimal-transit-route-network-design-problem/docview/305127519/se-2}
}

@phdthesis{mahmoudi2024optimal,
  author = {R. Mahmoudi},
  title = {Optimal configurations for urban transit: A study on bus and express network design via analytical approaches and mathematical programming},
  school = {University of Calgary},
  year = {2024},
  url = {https://prism.ucalgary.ca}
}

@article{nayan2016bus,
  author = {A. Nayan},
  title = {Optimal Bus Transit System Considering Service Network Design and Route Packaging},
  journal = {Nanyang Technological University},
  year = {2016},
  doi = {10.32657/10356/69546}
}

@article{owais2022frequency,
  author = {M. Owais and A. S. Ahmed},
  title = {Frequency based transit assignment models: Graph Formulation Study},
  journal = {IEEE Access},
  volume = {10},
  pages = {62991--63003},
  year = {2022},
  doi = {10.1109/access.2022.3182046}
}

@inproceedings{perivier2021realtime,
  author = {N. Périvier and C. Hssaine and S. Samaranayake and S. Banerjee},
  title = {Real-time approximate routing for Smart Transit Systems},
  booktitle = {ACM SIGMETRICS Performance Evaluation Review},
  volume = {49},
  number = {1},
  pages = {73--74},
  year = {2021},
  doi = {10.1145/3543516.3460096}
}

@article{roy2023hsr,
  author = {S. Roy and A. Maji},
  title = {High-speed rail station location optimization using customized utility functions},
  journal = {IEEE Intelligent Transportation Systems Magazine},
  volume = {15},
  number = {3},
  pages = {26--35},
  year = {2023},
  doi = {10.1109/mits.2022.3207411}
}